% book
% Required fields: author or editor, title, publisher, year. 
% Optional fields: volume or number, series, address, edition, month, note.

% article
% Required fields: author, title, journal, year. 
% Optional fields: volume, number, pages, month, note.
@article{deng2012mnist, 
  title={The mnist database of handwritten digit images for machine learning research}, 
  author={Deng, Li}, 
  journal={IEEE Signal Processing Magazine}, 
  volume={29}, 
  number={6}, 
  pages={141--142}, 
  year={2012}, 
  publisher={IEEE} 
}

@article{cohen2017emnist,
  title={EMNIST: an extension of MNIST to handwritten letters},
  author={Cohen, Gregory and Afshar, Saeed and Tapson, Jonathan and van Schaik, Andr{\'e}},
  journal={arXiv preprint arXiv:1702.05373},
  year={2017}
}

% figure 2.1
@article{Quantum_machine_learning,
    author = {Adcock, Jeremy and Allen, Euan and Day, Matthew and Frick, Stefan and Hinchliff, Janna and Johnson, Mack and Morley-Short, Sam and Pallister, Sam and Price, Alasdair and Stanisic, Stasja},
    year = {2015},
    month = {12},
    title = {Advances in quantum machine learning}
}



% conference
% same as inproceedings
% Required fields: author, title, booktitle, year. 
% Optional fields: editor, volume or number, series, pages, address, month, organization, publisher, note

% website
% as misc
% Required fields: none. 
% Optional fields: author, title, howpublished, month, year, note.
@misc{MaximIntegratedAI,
  author = {Maxim},
  title = {Maxim github page},
  howpublished ="\url{https://github.com/MaximIntegratedAI}",
  note = {last viewed 08/08/2022}
}

@misc{SDK,
  author = {Maxim},
  title = {Maxim Software Development Kit},
  howpublished ="\url{https://github.com/MaximIntegratedAI/MAX78000_SDK}",
  note = {last viewed 3/09/2022}
}

@misc{ai8x-synthesis,
  author = {Maxim},
  title = {Maxim synthesizer},
  howpublished ="\url{https://github.com/MaximIntegratedAI/ai8x-synthesis}",
  note = {last viewed 3/09/2022}
}

@misc{ai8x-training,
  author = {Maxim},
  title = {Maxim training},
  howpublished ="\url{https://github.com/MaximIntegratedAI/ai8x-training}",
  note = {last viewed 3/09/2022}
}

@misc{Max78000,
  author = {Maxim},
  title = {Max78000FTHR datasheet},
  howpublished ="\url{https://www.maximintegrated.com/en/products/microcontrollers/MAX78000.html}",
  note = {last viewed 20/08/2022}
}

@misc{nucleo,
  author = {STM Nucleo},
  title = {X-NUCLEO-LPM01A user manual},
  howpublished ="\url{https://www.st.com/resource/en/user_manual/dm00406577-stm32-nucleo-expansion-board-for-power-consumption-measurement-stmicroelectronics.pdf}",
  note = {last viewed 28/08/2022}
}

@misc{Continual_Learning_on_Max78000_Microcontroller,
    author = {Lunardi, Giovanni},
    month = {8},
    title = {Continual Learning on Max78000 Microcontroller},
    howpublished ="\url{https://github.com/Gio200023/Continual-Learning-on-Max78000}",
    journal={Github},
    version = {2.1},
    year = {2022}
}

@misc{Comprarison_of_Continual_learning_algorithm,
  author = {Avi, Alessandro},
  title = {Comparison of incremental online learning algorithms for gesture and visual smart sensors},
  howpublished ="\url{https://github.com/AlessandroAvi/Master_Thesis}",
  note = {last viewed 16/08/2022}
}

@misc{TinyOl_Paper,
  doi = {10.48550/ARXIV.2103.08295},
  url = {https://arxiv.org/abs/2103.08295},
  author = {Ren, Haoyu and Anicic, Darko and Runkler, Thomas},
  keywords = {Machine Learning (cs.LG), Distributed, Parallel, and Cluster Computing (cs.DC), Systems and Control (eess.SY), FOS: Computer and information sciences, FOS: Computer and information sciences, FOS: Electrical engineering, electronic engineering, information engineering, FOS: Electrical engineering, electronic engineering, information engineering},
  title = {TinyOL: TinyML with Online-Learning on Microcontrollers},
  publisher = {arXiv},
  year = {2021},
  copyright = {arXiv.org perpetual, non-exclusive license}
}